@article{Walter2009a-long,
    Author = {Gero Walter and Thomas Augustin},
    Title = {Imprecision and Prior-data Conflict in Generalized {B}ayesian Inference},
    Journal = {Journal of Statistical Theory and Practice},
    Pages = {255--271},
    Volume = {3},
    Year = {2009},
    note = {Reprinted as book chapter in Pauline Coolen-Schrijner, Frank P.A. Coolen, Matthias C.M. Troffaes, Thomas Augustin, and Sat Gupta, editors, \emph{{Imprecision in Statistical Theory and Practice}}, Grace Scientific Publishing, 2009 },
    issn = {1559-8616},
    keywords = {defensethesis},
}

@book{2000:bernardosmith,
    Title = {Bayesian Theory},
    Author = {Bernardo, J. and Smith, A.},
    Publisher = {Wiley},
    Address = {Chichester},
    Year = {2000}}

